%! Author = matya
%! Date = 23.03.2023

